<?xml version="1.0" encoding="UTF-8"?><collection xmlns="http://www.loc.gov/MARC21/slim"><record><leader>00418nam--2200133-i-4500</leader><controlfield tag="001">000049415</controlfield><controlfield tag="002">20161230</controlfield><controlfield tag="005">20161230201047</controlfield><controlfield tag="008">060222s1000------------r-----000-0-eng-d</controlfield><datafield ind1=" " ind2=" " tag="080"><subfield code="a">535.3:678.769(043):543.422.6</subfield></datafield><datafield ind1=" " ind2=" " tag="100"><subfield code="a">Pattay, Jean</subfield></datafield><datafield ind1=" " ind2=" " tag="245"><subfield code="a">Effets des rayons ultra-violets sur le systeme acetylcholine-acetlcholinesterase. /these</subfield></datafield><datafield ind1=" " ind2=" " tag="260"><subfield code="a">Bruges, Imprimerie Sainte-catherine, 1954, P.251-282</subfield></datafield><datafield ind1=" " ind2=" " tag="852"><subfield code="a">4290</subfield></datafield></record></collection>